% Encoding: windows-1252

@Comment{jabref-meta: databaseType:bibtex;}

@book{weinberg2008,
  author = {Weinberg, Gerald M.},
  title = {Perfect Software: And Other Illusions About Testing},
  year = {2008},
  isbn = {0932633692, 9780932633699},
  publisher = {Dorset House Publishing Co., Inc.},
  address = {New York, NY, USA},
}

@book{takanen2008fuzzing,
  title={Fuzzing for software security testing and quality assurance},
  author={Takanen, Ari and Demott, Jared D and Miller, Charles},
  year={2008},
  publisher={Artech House}
}

@article{miller1990empirical,
  title={An empirical study of the reliability of UNIX utilities},
  author={Miller, Barton P and Fredriksen, Louis and So, Bryan},
  journal={Communications of the ACM},
  volume={33},
  number={12},
  pages={32--44},
  year={1990},
  publisher={ACM}
}

@inproceedings{godefroid2008grammar,
  title={Grammar-based whitebox fuzzing},
  author={Godefroid, Patrice and Kiezun, Adam and Levin, Michael Y},
  booktitle={ACM Sigplan Notices},
  volume={43},
  number={6},
  pages={206--215},
  year={2008},
  organization={ACM}
}

@online{google2016fuzz,
  title={Guided in-process fuzzing of Chrome components},
  author={Moroz, Max and Serebryany, Kostya},
  type={Blog},
  year=2016,
  month=8,
  url={https://security.googleblog.com/2016/08/guided-in-process-fuzzing-of-chrome.html}
}

@online{google2011fuzz,
  title={Fuzzing at scale},
  author={Evans, Chris and Moore, Matt and Ormandy Travis},
  type={Blog},
  year=2011,
  month=8,
  url={https://security.googleblog.com/2011/08/fuzzing-at-scale.html}
}

@online{google2016oss,
  title={Announcing OSS-Fuzz: Continuous Fuzzing for Open Source Software},
  author={Aizatsky, Mike and Serebryany, Kostya and Chang, Oliver and Arya,
    Abhishek and Whittaker, Meredith},
  type={Blog},
  year=2016,
  month=12,
  url={https://security.googleblog.com/2016/12/announcing-oss-fuzz-continuous-fuzzing.html}
}

@online{google2017oss,
  title={OSS-Fuzz: Five months later, and rewarding projects},
  author={Chang, Oliver and Arya, Abhishek and Serebryany, Kostya and Armour, Josh},
  type={Blog},
  year=2017,
  month=5,
  url={https://security.googleblog.com/2017/05/oss-fuzz-five-months-later-and.html}
}

@article{bohme2017coverage,
  title={Coverage-based greybox fuzzing as markov chain},
  author={B{\"o}hme, Marcel and Pham, Van-Thuan and Roychoudhury, Abhik},
  journal={IEEE Transactions on Software Engineering},
  year={2017},
  publisher={IEEE}
}

@inproceedings{bohme2017directed,
  title={Directed greybox fuzzing},
  author={B{\"o}hme, Marcel and Pham, Van-Thuan and Nguyen, Manh-Dung and
    Roychoudhury, Abhik},
  booktitle={Proceedings of the 2017 ACM SIGSAC Conference on Computer and
    Communications Security},
  pages={2329--2344},
  year={2017},
  organization={ACM}
}

@article{lemieux2017fairfuzz,
  title={FairFuzz: Targeting Rare Branches to Rapidly Increase Greybox Fuzz
    Testing Coverage},
  author={Lemieux, Caroline and Sen, Koushik},
  journal={arXiv preprint arXiv:1709.07101},
  year={2017}
}

@inproceedings{stephens2016driller,
  title={Driller: Augmenting Fuzzing Through Selective Symbolic Execution.},
  author={Stephens, Nick and Grosen, John and Salls, Christopher and
    Dutcher, Andrew and Wang, Ruoyu and Corbetta, Jacopo and
    Shoshitaishvili, Yan and Kruegel, Christopher and Vigna, Giovanni},
  booktitle={NDSS},
  volume={16},
  pages={1--16},
  year={2016}
}

@article{nichols2017faster,
  title={Faster Fuzzing: Reinitialization with Deep Neural Models},
  author={Nichols, Nicole and Raugas, Mark and Jasper, Robert and Hilliard, Nathan},
  journal={arXiv preprint arXiv:1711.02807},
  year={2017}
}

@inproceedings{li2017steelix,
  title={Steelix: program-state based binary fuzzing},
  author={Li, Yuekang and Chen, Bihuan and Chandramohan, Mahinthan and Lin,
    Shang-Wei and Liu, Yang and Tiu, Alwen},
  booktitle={Proceedings of the 2017 11th Joint Meeting on Foundations of Software Engineering},
  pages={627--637},
  year={2017},
  organization={ACM}
}

@software{afl,
  title={American Fuzzy Lop},
  author={Zalewski, Michal},
  url={http://lcamtuf.coredump.cx/afl/}
}

@misc{afltech,
  title={Technical ``whitepaper'' for afl-fuzz},
  author={Zalewsky, Michal},
  url={http://lcamtuf.coredump.cx/afl/technical_details.txt}
}

@software{honggfuzz,
  title={Honggfuzz},
  author={Swiecki, Robert},
  url={https://github.com/google/honggfuzz}
}

@inproceedings{grieco2016quickfuzz,
  title={QuickFuzz: an automatic random fuzzer for common file formats},
  author={Grieco, Gustavo and Ceresa, Mart{\'\i}n and Buiras, Pablo},
  booktitle={Proceedings of the 9th International Symposium on Haskell},
  pages={13--20},
  year={2016},
  organization={ACM}
}

@inproceedings{rawat2017vuzzer,
  title={Vuzzer: Application-aware evolutionary fuzzing},
  author={Rawat, Sanjay and Jain, Vivek and Kumar, Ashish and Cojocar,
    Lucian and Giuffrida, Cristiano and Bos, Herbert},
  booktitle={Proceedings of the Network and Distributed System Security Symposium (NDSS)},
  year={2017}
}

@software{hocevar2011zzuf,
  title={zzufâ€”multi-purpose fuzzer},
  author={Hocevar, S},
  year={2011},
  url={http://caca.zoy.org/wiki/zzuf}
}

@software{helin2015radamsa,
  title={Radamsa fuzzer},
  author={Helin, Aki},
  year={2015},
  url={https://github.com/aoh/radamsa}
}

@techreport{householder2012probability,
  title={Probability-based parameter selection for black-box fuzz testing},
  author={Householder, Allen D and Foote, Jonathan M},
  year={2012},
  institution={CARNEGIE-MELLON UNIV PITTSBURGH PA SOFTWARE ENGINEERING INST}
}

@inproceedings{woo2013scheduling,
  title={Scheduling black-box mutational fuzzing},
  author={Woo, Maverick and Cha, Sang Kil and Gottlieb, Samantha and Brumley, David},
  booktitle={Proceedings of the 2013 ACM SIGSAC conference on Computer \& communications security},
  pages={511--522},
  year={2013},
  organization={ACM}
}

@article{berry1985bandit,
  title={Bandit problems: sequential allocation of experiments (Monographs on
    statistics and applied probability)},
  author={Berry, Donald A and Fristedt, Bert},
  journal={London: Chapman and Hall},
  volume={5},
  pages={71--87},
  year={1985},
  publisher={Springer}
}

@misc{afljpeg,
  title={Pulling JPEGs out of thin air},
  author={Zalewski, Michal},
  url={https://lcamtuf.blogspot.nl/2014/11/pulling-jpegs-out-of-thin-air.html},
  year=2014,
  month=11
}

@inproceedings{bellard2005qemu,
  title={QEMU, a fast and portable dynamic translator.},
  author={Bellard, Fabrice},
  booktitle={USENIX Annual Technical Conference, FREENIX Track},
  volume={41},
  pages={46},
  year={2005}
}

@software{afldyn,
  title={American Fuzzy Lop + Dyninst == AFL Fuzzing blackbox binaries},
  url={https://github.com/vrtadmin/moflow/tree/master/afl-dyninst}
}

@misc{aflmut,
  title={Binary fuzzing strategies: what works, what doesn't},
  author={Zalewski, Michal},
  url={https://lcamtuf.blogspot.nl/2014/08/binary-fuzzing-strategies-what-works.html},
  year=2014,
  month=8
}

